<record><leader>00000cas a2200000 a 4500</leader><controlfield tag="001">12674459</controlfield><controlfield tag="008">851015d191u1918ksuwr ne      0    0eng d</controlfield><datafield ind1=" " ind2=" " tag="010"><subfield code="a">sn 85032771 </subfield></datafield><datafield ind1=" " ind2=" " tag="040"><subfield code="a">KSH</subfield><subfield code="b">eng</subfield><subfield code="c">KSH</subfield><subfield code="d">NPT</subfield><subfield code="d">OCL</subfield><subfield code="d">OCLCQ</subfield></datafield><datafield ind1=" " ind2=" " tag="042"><subfield code="a">msc</subfield></datafield><datafield ind1="0" ind2="4" tag="245"><subfield code="a">The Milan news.</subfield></datafield><datafield ind1=" " ind2=" " tag="260"><subfield code="a">Milan, Kan. :</subfield><subfield code="b">C.E. DeVore,</subfield><subfield code="c">-1918.</subfield></datafield><datafield ind1=" " ind2=" " tag="300"><subfield code="a">v. :</subfield><subfield code="b">ill. ;</subfield><subfield code="c">49 cm.</subfield></datafield><datafield ind1=" " ind2=" " tag="310"><subfield code="a">Weekly</subfield></datafield><datafield ind1="0" ind2=" " tag="362"><subfield code="a">-v. 8, no. 18 (Feb. 7, 1918).</subfield></datafield><datafield ind1=" " ind2=" " tag="500"><subfield code="a">Published by: Samuel H. Barnd, Feb. 2, 1911-Jan. 4, 1912; Will R. Burr, Jan. 11-June 27, 1912; Fred Scott, July 4, 1912-</subfield></datafield><datafield ind1=" " ind2=" " tag="588"><subfield code="a">Description based on: Vol. 1, no. 15 (Jan. 19, 1911).</subfield></datafield><datafield ind1=" " ind2=" " tag="752"><subfield code="a">United States</subfield><subfield code="b">Kansas</subfield><subfield code="c">Sumner</subfield><subfield code="d">Milan.</subfield></datafield><datafield ind1="0" ind2="4" tag="785"><subfield code="t">Argonia argosy</subfield><subfield code="w">(DLC)sn 85032714</subfield></datafield><datafield ind1="1" ind2=" " tag="029"><subfield code="a">AU@</subfield><subfield code="b">000022167006</subfield></datafield></record>